<record><leader>00000cas a2200000 a 4500</leader><controlfield tag="001">14286513</controlfield><controlfield tag="008">861001d18uu18uuvauir ne      0    0eng  </controlfield><datafield ind1=" " ind2=" " tag="010"><subfield code="a">sn 86071987 </subfield></datafield><datafield ind1=" " ind2=" " tag="040"><subfield code="a">DLC</subfield><subfield code="b">eng</subfield><subfield code="c">DLC</subfield><subfield code="d">NLG</subfield><subfield code="d">YOX</subfield><subfield code="d">NLG</subfield><subfield code="d">NYS</subfield><subfield code="d">CNW</subfield><subfield code="d">MGN</subfield><subfield code="d">NVK</subfield><subfield code="d">NVF</subfield><subfield code="d">OCL</subfield><subfield code="d">NVF</subfield><subfield code="d">OCLCO</subfield><subfield code="d">OCLCQ</subfield><subfield code="d">OCLCF</subfield></datafield><datafield ind1="1" ind2=" " tag="029"><subfield code="a">AU@</subfield><subfield code="b">000020449721</subfield></datafield><datafield ind1=" " ind2=" " tag="042"><subfield code="a">pcc</subfield></datafield><datafield ind1=" " ind2=" " tag="043"><subfield code="a">n-us-va</subfield></datafield><datafield ind1="0" ind2="0" tag="050"><subfield code="a">Newspaper 10028-X</subfield></datafield><datafield ind1="0" ind2=" " tag="130"><subfield code="a">Richmond enquirer (Richmond, Va. : Triweekly)</subfield></datafield><datafield ind1="1" ind2="0" tag="245"><subfield code="a">Richmond enquirer.</subfield></datafield><datafield ind1="1" ind2="3" tag="246"><subfield code="a">Daily enquirer</subfield></datafield><datafield ind1=" " ind2=" " tag="250"><subfield code="a">[For the country ed.].</subfield></datafield><datafield ind1=" " ind2=" " tag="260"><subfield code="a">Richmond, Va. :</subfield><subfield code="b">Tyler &amp; Allegre</subfield></datafield><datafield ind1=" " ind2=" " tag="300"><subfield code="a">v.</subfield></datafield><datafield ind1=" " ind2=" " tag="310"><subfield code="a">Triweekly</subfield></datafield><datafield ind1=" " ind2=" " tag="580"><subfield code="a">Daily ed.: Daily Richmond enquirer (Richmond, Va. : 1844), &lt;1865&gt;.</subfield></datafield><datafield ind1=" " ind2=" " tag="580"><subfield code="a">Weekly ed.: Weekly Richmond enquirer (Richmond, Va. : 1862), &lt;1865&gt;.</subfield></datafield><datafield ind1=" " ind2=" " tag="580"><subfield code="a">Semiweekly ed.: Richmond enquirer (Richmond, Va. : 1815 : Semiweekly), &lt;1865&gt;.</subfield></datafield><datafield ind1=" " ind2=" " tag="588"><subfield code="a">Description based on: Feb. 21, 1865.</subfield></datafield><datafield ind1=" " ind2="0" tag="651"><subfield code="a">Richmond (Va.)</subfield><subfield code="v">Newspapers.</subfield></datafield><datafield ind1=" " ind2="7" tag="655"><subfield code="a">Newspapers.</subfield><subfield code="2">fast</subfield><subfield code="0">(OCoLC)fst01423814</subfield></datafield><datafield ind1=" " ind2="7" tag="651"><subfield code="a">Virginia</subfield><subfield code="z">Richmond.</subfield><subfield code="2">fast</subfield><subfield code="0">(OCoLC)fst01205345</subfield></datafield><datafield ind1=" " ind2=" " tag="752"><subfield code="a">United States</subfield><subfield code="b">Virginia</subfield><subfield code="d">Richmond.</subfield></datafield><datafield ind1="0" ind2=" " tag="775"><subfield code="t">Daily Richmond enquirer (Richmond, Va. : 1844)</subfield><subfield code="w">(DLC)sn 84024729</subfield><subfield code="w">(OCoLC)11063879</subfield></datafield><datafield ind1="1" ind2=" " tag="775"><subfield code="t">Richmond enquirer (Richmond, Va. : 1815 : Semiweekly)</subfield><subfield code="w">(DLC)sn 84024735</subfield><subfield code="w">(OCoLC)1764332</subfield></datafield><datafield ind1="1" ind2=" " tag="775"><subfield code="t">Weekly Richmond enquirer (Richmond, Va. : 1862)</subfield><subfield code="w">(DLC)sn 85034451</subfield></datafield></record>